@InProceedings{edos2006ase,
  author	= "Fabio Mancinelli and Jaap Boender and Roberto {Di Cosmo}
		  and J\'er\^ome Vouillon and Berke Durak and Xavier Leroy
		  and Ralf Treinen",
  title		= "Managing the Complexity of Large Free and Open Source
		  Package-Based Software Distributions",
  pages		= "199--208",
  booktitle	= "21st IEEE/ACM International Conference on Automated
                   Software Engeineering (ASE)",
  address       = "Tokyo, Japan",
  year		= 2006,
  publisher	= "IEEE",
}
